@INPROCEEDINGS{ref:1, 
author={K. Kongsakun}, 
booktitle={2013 International Conference on Machine Learning and Cybernetics}, 
title={An improved recommendation model using linear regression and clustering for a private university in Thailand}, 
year={2013}, 
volume={04}, 
pages={1625-1630}, 
keywords={educational administrative data processing;educational institutions;pattern clustering;regression analysis;Thailand;academic development;clustering techniques;e-grade model;educational institutes;electronic grade;likelihood of grade after midterm examination;likelihood of grade before midterm examination;linear regression techniques;prediction model;private university;recommendation model;student classroom achievement;student counselling;student grade;student performance;student progress monitoring;student satisfaction;student supervision;technological supports;Abstracts;Benchmark testing;Computational modeling;Educational institutions;Medical services;Predictive models;Clustering;Data Mining;Likelihood of Grade;Linear Regression;Student Performance}, 
doi={10.1109/ICMLC.2013.6890859}, 
ISSN={2160-133X}, 
month={July},}

@INPROCEEDINGS{ref:2, 
author={T. Mishra and D. Kumar and S. Gupta}, 
booktitle={2014 Fourth International Conference on Advanced Computing Communication Technologies}, 
title={Mining Students' Data for Prediction Performance}, 
year={2014}, 
pages={255-262}, 
keywords={data mining;educational administrative data processing;educational institutions;further education;pattern classification;trees (mathematics);Guru Gobind Singh Indraprastha University;J48 algorithm;MCA students;academic integration;classification techniques;emotional skills;higher education;performance prediction model;prediction performance;random tree;student data mining;student failure prediction;student retention;student social integration;student success rate;Accuracy;Data mining;Decision trees;Educational institutions;Lead;Prediction algorithms;classification;data mining;prediction}, 
doi={10.1109/ACCT.2014.105}, 
ISSN={2327-0632}, 
month={Feb},}

@INPROCEEDINGS{ref:3, 
author={K. Kaur and K. Kaur}, 
booktitle={2015 1st International Conference on Next Generation Computing Technologies (NGCT)}, 
title={Analyzing the effect of difficulty level of a course on students performance prediction using data mining}, 
year={2015}, 
pages={756-761}, 
keywords={data mining;educational courses;educational institutions;further education;learning (artificial intelligence);regression analysis;AdaBoost;CART;CBCEGS;M5P;University Grants Commission of India;classification-and-regression tree;credit-based continuous evaluation-and-grading system;data mining;education community;higher education institute;learning behavior;multistage examination system;student performance prediction;system analysis;Analytical models;Data mining;Mathematics;Measurement uncertainty;Predictive models;Regression tree analysis;System analysis and design;Education Data Mining;Students Performance Prediction;Weka}, 
doi={10.1109/NGCT.2015.7375222}, 
month={Sept},}

@online{ieee,
 title={IEEEXplore},
 url={http://ieeexplore.ieee.org/}
 }
@online{googleSch,
 title={Google Scholar},
 url={http://scholar.google.com/}
 }

@online{nptel,
 title={National Program for Technology Enhanced Learning(NPTEL)},
 url={http://nptel.ac.in/}
 }

 @Manual{r,
    title = {R: A Language and Environment for Statistical Computing},
    author = {{R Core Team}},
    organization = {R Foundation for Statistical Computing},
    address = {Vienna, Austria},
    year = {2013},
    note = {{ISBN} 3-900051-07-0},
    url = {http://www.R-project.org/},
  }